<?xml version="1.0" encoding="UTF-8"?><record xmlns="http://www.loc.gov/MARC21/slim" xmlns:cinclude="http://apache.org/cocoon/include/1.0" xmlns:zs="http://www.loc.gov/zing/srw/">
  <leader>00679cz  a2200157n  4500</leader>
  <controlfield tag="001">n  85019221 </controlfield>
  <controlfield tag="003">DLC</controlfield>
  <controlfield tag="005">19950420113005.7</controlfield>
  <controlfield tag="008">850321n| acannaab|          |a aaa |||  </controlfield>
  <datafield tag="010" ind1=" " ind2=" ">
    <subfield code="a">n  85019221 </subfield>
  </datafield>
  <datafield tag="040" ind1=" " ind2=" ">
    <subfield code="a">DLC</subfield>
    <subfield code="c">DLC</subfield>
    <subfield code="d">DLC</subfield>
  </datafield>
  <datafield tag="100" ind1="1" ind2="0">
    <subfield code="a">Ternstrom, Myrtle,</subfield>
    <subfield code="d">1930-</subfield>
  </datafield>
  <datafield tag="400" ind1="1" ind2="0">
    <subfield code="w">nne</subfield>
    <subfield code="a">Langham, M.</subfield>
    <subfield code="q">(Myrtle)</subfield>
  </datafield>
  <datafield tag="670" ind1=" " ind2=" ">
    <subfield code="a">Langham, A. Lundy, 1984:</subfield>
    <subfield code="b">t.p. (M. Langham)</subfield>
  </datafield>
  <datafield tag="670" ind1=" " ind2=" ">
    <subfield code="a">LC data base, 3-18-85</subfield>
    <subfield code="b">(hdg.: Langham, Myrtle; usage: M. Langham)</subfield>
  </datafield>
  <datafield tag="670" ind1=" " ind2=" ">
    <subfield code="a">Her The castle on the Island of Lundy, 1994:</subfield>
    <subfield code="b">t.p. (Myrtle Ternstrom) p. 4 of cover (b. in London in 1930; wrote several books on Lundy Island with her then husband Tony Langham; divorced Mr. Langham and married Olov Ternstrom)</subfield>
  </datafield>
</record>